% Publisher

@string{ap="Academic Press"}
@string{cup="Cambridge University Press"}
@string{mcgh="Mc Graw-Hill"}
@string{nh="North Holland"}
@string{sv="Springer"}
@string{aw="Addison-Wesley"}
@string{ph="Prentice Hall"}
@string{mp="The MIT Press"}
@string{acmp="ACM Press"}
@string{easychair="Easychair"}

% Institutions-Schools

@string{cmum="Carnegie-Mellon Univ., Dept. of Math."}
@string{cucs="Cornell Univ., Dept. of Comp. Sci."}
@string{eth="E.T.H. Zurich"}
@string{eucs="Edinburgh Univ., Dept. of Comp. Sci."}
@string{mit="Massachusetts Institute of Technology"}
@string{lfcs="LFCS, Dept. of Comp. Sci.,  Edinburgh Univ."}
@string{lip="LIP -- ENS Lyon"}
@string{hal="http://hal.archives-ouvertes.fr/"}

% Organizations

@string{acm="ACM"}
@string{ieee="IEEE"}
@string{bl="Bell Laboratories"}
@string{dagstuhl="Schloss Dagstuhl - Leibniz-Zentrum für Informatik"}
@string{dagstuhl="Schloss Dagstuhl"}

% Journals

@string{acta="Acta Informatica"}
@string{acmsigp="ACM Sigplan Notices"}
@string{aml="Annals of Mathematical Logic"}
@string{amstran="Trans. AMS"}
@string{au="Algebra Universalis"}
@string{cacm="Communications of the ACM"}
@string{cmsjb="Colloquia Mathematica Societatis Janos Bolyai"}
@string{dm="Dissertationes Mathematicae"}
@string{fm="Fundamenta Matematicae"}
@string{ic="Information and Computation"}
@string{im="Indagationes Mathematicae"}
@string{ams="American Mathematical Society"}
@string{jcss="JCSS"}
@string{jar="Journal of Automated Reasoning"}
@string{jlap="Journal of Logic and Algebraic Programming"}
@string{jlamp="Journal of Logical and Algebraic Methods in Programming"}
@string{jpaa="Journal of Pure and Applied Algebra"}
@string{jsl="Journal of Symbolic Logic"}
@string{lmcs="Logical Methods in Computer Science"}
@string{mpcps="Math. Proc. Camb. Phil. Soc."}
@string{mscs="Mathematical Structures in Computer Science"}
@string{mst="Mathematical System  Theory"}
@string{rmup="Rivista Matematica dell' Universita' di Parma"}
@string{siamjc="SIAM Journal of Computing"}
@string{tpls="ACM Trans. on Progr. Lang. and Sys."}
@string{tcl="ACM Trans. on Comput. Logic"}
@string{tcs="Theoretical Computer Science"}
@string{zml="Zeitschrift fur Mathematische Logik"}
@string{zmlgm="Zeitschr. f. math. Logik und Grundlagen d. Math."}
@string{entcs="Electronical Notes in Computer Science"}

% Series

@string{lipics="LIPIcs"}
@string{lncs="Lecture Notes in Computer Science"}
@string{lncs="LNCS"}
@string{lnm="Lecture Notes in Mathematics"}
@string{csam="Cambridge Studies in Advanced Mathematics"}
@string{sl="Studies in Logic"}
@string{eptcs="EPTCS"}
@string{epic="EPiC Series in Computing"}

@string{yes="yes"}
@string{no="no"}
 




@inproceedings{clp:mfcs17:tw2,
  author =	 {Enric Cosme-Llópez and Damien Pous},
  title =	 {$K_4$-free graphs as a free algebra},
  booktitle =	 {MFCS},
  year =	 2017,
  doi =		 {10.4230/LIPIcs.MFCS.2017.76},
  series =	 lipics,
  volume =	 83,
  publisher =	 dagstuhl,
  hal =		 {hal-01307532},
  covece =	 yes,
}

@inproceedings{dp:mfcs18:tw2,
  author =	 {Christian Doczkal and Damien Pous},
  title =	 {Treewidth-two graphs as a free algebra},
  booktitle =	 {MFCS},
  year =	 2018,
  doi =		 {10.4230/LIPIcs.MFCS.2018.60},
  series =	 lipics,
  volume =	 117,
  pages =	 {60:1--60:15},
  publisher =	 dagstuhl,
  hal =		 {hal-01780844},
  covece =       yes,
}

@article{dp:jar19:graphs,
  author =	 {Christian Doczkal and Damien Pous},
  title =	 {Graph Theory in Coq: Minors, Treewidth, and
                  Isomorphisms},
  journal =	 jar,
  year =	 2020,
  month =	 {January},
  day =		 31,
  hal =		 {hal-02316859},
  doi =		 {10.1007/s10817-020-09543-2},
  covece =	 yes,
}


@Book{CourcelleE12,
  author =	 {B. Courcelle and J. Engelfriet},
  title =	 {Graph Structure and Monadic Second-Order Logic - A
                  Language-Theoretic Approach},
  publisher =	 cup,
  year =	 2012,
  volume =	 138,
  series =	 {Encyclopedia of mathematics and its applications}
}


@book{Die05,
  title =	 {{Graph Theory}},
  author =	 {Diestel, R.},
  publisher =	 sv,
  series =	 {Graduate Texts in Mathematics},
  year =	 {2005}
}


@article{ACPS93,
  title =	 {An algebraic theory of graph reduction},
  author =	 {Arnborg, S. and Courcelle, B. and Proskurowski,
                  A. and Seese, D.},
  journal =	 jacm,
  volume =	 40,
  number =	 5,
  pages =	 {1134--1164},
  doi =		 {10.1145/174147.169807},
  year =	 1993,
  publisher =	 acm
}


@inproceedings{Courcelle91,
  author =	 {Bruno Courcelle},
  title =	 {Graph grammars, monadic second-order logic and the
                  theory of graph minors},
  booktitle =	 {Graph Structure Theory},
  pages =	 {565--590},
  year =	 1993,
  series =	 {Contemporary Mathematics},
  volume =	 147,
  doi =		 {10.1090/conm/147},
  publisher =	 {AMS},
}

@article{Arnborg1986CharacterizationAR,
  title={Characterization and recognition of partial 3-trees},
  author={S. Arnborg and A. Proskurowski},
  journal={Siam Journal on Algebraic and Discrete Methods},
  year={1986},
  volume={7},
  pages={305-314}
}

@article{Antimirov96,
  author =	 {V. M. Antimirov},
  title =	 {Partial Derivatives of Regular Expressions and
                  Finite Automaton Constructions},
  journal =	 tcs,
  volume =	 155,
  number =	 2,
  year =	 1996,
  pages =	 {291--319},
  doi =		 {10.1016/0304-3975(95)00182-4},
}

@inproceedings{RALL,
  author =	 {D. von Oheimb and T.F. Gritzner},
  title =	 {{RALL}: Machine-Supported Proofs for Relation Algebra},
  booktitle =	 {CADE},
  year =	 1997,
  pages =	 {380--394},
  series =	 lncs,
  volume =	 1249,
  publisher =	 sv,
  doi =		 {10.1007/3-540-63104-6_36},
}

@inproceedings{persistant_union_find,
  author =	 {S. Conchon and J.-C. Filli\^atre},
  title =	 {A Persistent Union-Find Data Structure},
  booktitle =	 {Workshop on ML},
  pages =	 {37--45},
  year =	 2007,
  address =	 {Freiburg, Germany},
  month =	 {October},
  doi =           {10.1145/1292535.1292541},
}

@book{cormen_introduction_2001,
  address =	 {Cambridge, {MA}},
  author =	 {T. H. Cormen and C. E. Leiserson and R. L. Rivest
                  and C. Stein},
  edition =	 {Second},
  publisher =	 mitp,
  title =	 {Introduction to Algorithms},
  year =	 2001,
  isbn =	 {0-262-03293-7}
}

@article{Tarjan75,
  author =	 {R. E. Tarjan},
  title =	 {Efficiency of a Good But Not Linear Set Union
                  Algorithm},
  journal =	 jacm,
  volume =	 22,
  number =	 2,
  year =	 1975,
  doi =		 {10.1145/321879.321884},
  pages =	 {215--225},
}

@inproceedings{GoelKLT14,
  author =	 {A. Goel and S. Khanna and D. Larkin and
                  R. E. Tarjan},
  title =	 {Disjoint Set Union with Randomized Linking},
  booktitle =	 {SODA},
  publisher =	 {SIAM},
  year =	 2014,
  pages =	 {1005--1017},
  doi =		 {10.1137/1.9781611973402.75},
}


@techreport{linear_list_merging,
  author =	 {J. E. Hopcroft and J. D. Ullman},
  title =	 {A Linear List Merging Algorithm},
  year =	 1971,
  url =		 {http://hdl.handle.net/1813/10810},
  institution =	 {Cornell University},
}

@article{normexpr:fa,
  author =	 {J.-M. Champarnaud and F. Ouardi and D. Ziadi},
  title =	 {Normalized Expressions and Finite Automata},
  journal =	 {IJAC},
  volume =	 17,
  number =	 1,
  year =	 2007,
  pages =	 {141--154},
  doi =		 {10.1142/S021819670700355X}
}

@inproceedings{Kahl-ISAR,
  author =	 {W. Kahl},
  title =	 {Calculational Relation-Algebraic Proofs in
                  {I}sabelle/{I}sar},
  booktitle =	 {RelMiCS},
  series =	 lncs,
  volume =	 3051,
  publisher =	 sv,
  year =	 2003,
  pages =	 {178--190},
  doi =		 {10.1007/978-3-540-24771-5_16}
}

@inproceedings{Struth-ChurchRosser-KleeneAlgebra,
  author =	 {G. Struth},
  title =	 {Calculating {C}hurch-{R}osser Proofs in {K}leene
                  Algebra},
  booktitle =	 {RelMiCS},
  year =	 2002,
  series =	 lncs,
  volume =	 2561,
  publisher =	 sv,
  pages =	 {276--290},
  doi =		 {10.1007/3-540-36280-0_19},
}

@inproceedings{StruthHofner_KA,
  author =	 {P. H{\"o}fner and G. Struth},
  title =	 {Automated Reasoning in {K}leene Algebra},
  booktitle =	 {CADE},
  year =	 2007,
  series =	 lncs,
  volume =	 4603,
  publisher =	 sv,
  pages =	 {279--294},
  doi =		 {10.1007/978-3-540-73595-3_19},
}

@inproceedings{seL4,
  publisher =	 acm,
  author =	 {G. Klein and K. Elphinstone and G. Heiser and
                  J. Andronick and D. Cock and P. Derrin and
                  D. Elkaduwe and K. Engelhardt and R.  Kolanski and
                  M. Norrish and T. Sewell and H. Tuch and S. Winwood},
  title =	 {{seL4}: Formal Verification of an {OS} Kernel},
  booktitle =	 {SOSP},
  year =	 2009,
  month =	 {Oct},
  pages =	 {207--220},
  doi =		 {10.1145/1629575.1629596}
}

@article{Hoare69,
  author =	 {C. A. R. Hoare},
  title =	 {An Axiomatic Basis for Computer Programming},
  journal =	 cacm,
  volume =	 12,
  number =	 10,
  year =	 1969,
  pages =	 {576--580},
  doi =		 {10.1145/363235.363259},
}

@inproceedings{ConcurrentKleeneAlgebra,
  author =	 {C. A. R. Hoare and B. M{\"o}ller and G.
                  Struth and I. Wehrman},
  title =	 {Concurrent {K}leene Algebra},
  booktitle =	 {CONCUR},
  year =	 2009,
  pages =	 {399--414},
  doi =		 {10.1007/978-3-642-04081-8_27},
  volume =	 5710,
  series =	 lncs,
  publisher =	 sv,
}

@inproceedings{Allauzen-Mohri-Unified,
  author =	 {C. Allauzen and M. Mohri},
  title =	 {A Unified Construction of the {G}lushkov, Follow,
                  and {A}ntimirov Automata},
  booktitle =	 {MFCS},
  year =	 2006,
  pages =	 {110--121},
  doi =		 {10.1007/11821069_10},
  series =	 lncs,
  volume =	 4162
}

@article{Paige-Tarjan-PartitionRefinement,
  author =	 {R. Paige and R. E. Tarjan},
  title =	 {Three Partition Refinement Algorithms},
  journal =	 {SIAM Journal on Computing},
  volume =	 16,
  number =	 6,
  year =	 1987,
  pages =	 {973--989},
  doi =		 {10.1137/0216062},
}


@article{Ilie-yu-FollowAutomata,
  author =	 {L. Ilie and S. Yu},
  title =	 {Follow automata},
  journal =	 ic,
  volume =	 186,
  number =	 1,
  year =	 2003,
  pages =	 {140--162},
  doi =		 {10.1016/S0890-5401(03)00090-7},
}

@techreport{Hopcroft:1971,
  author =	 {J. E. Hopcroft},
  title =	 {An $n\textrm{log }n$ algorithm for minimizing states
                  in a finite automaton},
  year =	 1971,
  institution =	 {Stanford University},
  url =          {http://i.stanford.edu/pub/cstr/reports/cs/tr/71/190/CS-TR-71-190.pdf}
}

@InCollection{Kle56,
  author =	 {S. C. Kleene},
  title =	 {Representation of Events in Nerve Nets and Finite
                  Automata},
  booktitle =	 {Automata Studies},
  publisher =	 {Princeton University Press},
  year =	 1956,
  pages =	 {3--41},
  url =		 {http://www.rand.org/pubs/research_memoranda/2008/RM704.pdf}
}

@Article{thompson68,
  author =	 {K. Thompson},
  title =	 {Regular Expression Search Algorithm},
  journal =	 cacm,
  year =	 1968,
  volume =	 11,
  pages =	 {419--422},
  url =          {http://www.fing.edu.uy/inco/cursos/intropln/material/p419-thompson.pdf}
}

@Article{mcnaughton60,
  author =	 {R. McNaughton and H. Yamada},
  title =	 {Regular Expressions and State Graphs for Automata},
  journal =	 {IEEE Trans. on Electronic Computers},
  year =	 1960,
  volume =	 9,
  pages =	 {39--47},
  doi =		 {10.1109/TEC.1960.5221603}
}

@InProceedings{Nerode,
  author =	 {A. Nerode},
  title =	 {Linear automaton transformations},
  booktitle =	 {Proc.\ of the AMS},
  pages =	 {541--544},
  year =	 1958,
  volume =	 9,
  url =          {http://www.ams.org/journals/proc/1958-009-04/S0002-9939-1958-0135681-9/S0002-9939-1958-0135681-9.pdf}
}

@Article{RabinScott,
  author =	 {M.O. Rabin and D. Scott},
  title =	 {Finite Automata and Their Decision Problems},
  journal =	 {IBM Journal of Research and Development},
  year =	 1959,
  volume =	 {3(2)},
  pages =	 {114--125},
  doi =		 {10.1147/rd.32.0114}
}

@Book{FreydScedrov90,
  author =	 {P. Freyd and A. Scedrov},
  title =	 {Categories, Allegories},
  publisher =	 nh,
  year =	 1990,
}

@Article{DBW97,
  title =	 "A Calculational Approach to Mathematical Induction",
  author =	 "H. Doornbos and R. Backhouse and J. van der Woude",
  pages =	 {103--135},
  journal =	 tcs,
  year =	 1997,
  volume =	 179,
  number =	 "1-2",
  doi =		 {10.1016/S0304-3975(96)00154-5},
}

@article{Jipsen04,
  author =	 {P. Jipsen},
  title =	 {From Semirings to Residuated {K}leene Lattices},
  journal =	 {Studia Logica},
  volume =	 76,
  number =	 2,
  year =	 2004,
  pages =	 {291--303},
  doi =          {10.1023/B:STUD.0000032089.54776.63},
}

@inproceedings{ChamparnaudZ01,
  author =	 {J.-M. Champarnaud and D. Ziadi},
  title =	 {Computing the Equation Automaton of a Regular
                  Expression in Space and Time},
  booktitle =	 {CPM},
  year =	 2001,
  pages =	 {157--168},
  publisher =	 sv,
  series =	 lncs,
  volume =	 2089,
  doi =          {10.1007/3-540-48194-X_15},
}

@article{BerryS86,
  author =	 {G. Berry and R. Sethi},
  title =	 {From Regular Expressions to Deterministic Automata},
  journal =	 tcs,
  volume =	 48,
  number =	 3,
  year =	 1986,
  pages =	 {117--126},
}

@inproceedings{pack:math:struct,
  author =	 {F. Garillot and G. Gonthier and A. Mahboubi and
                  L. Rideau},
  title =	 {Packaging Mathematical Structures},
  booktitle =	 {TPHOL},
  year =	 2009,
  series =	 lncs,
  publisher =	 sv,
  volume =	 5674,
  pages =	 {327--342},
  doi =		 {10.1007/978-3-642-03359-9_23},
}


@inproceedings{BertotGBP08,
  author =	 {Y. Bertot and G. Gonthier and S. Ould Biha
                  and I. Pasca},
  title =	 {Canonical Big Operators},
  booktitle =	 {TPHOLs},
  year =	 2008,
  pages =	 {86--101},
  publisher =	 sv,
  series =	 lncs,
  volume =	 5170,
  doi =		 {10.1007/978-3-540-71067-7_11},
}

@inproceedings{GonthierMRTT07,
  author =	 {G. Gonthier and A. Mahboubi and L. Rideau and
                  E. Tassi and L. Th{\'e}ry},
  title =	 {A Modular Formalisation of Finite Group Theory},
  booktitle =	 {TPHOL},
  year =	 2007,
  pages =	 {86--101},
  doi =		 {10.1007/978-3-540-74591-4_8},
  publisher =	 sv,
  series =	 lncs,
  volume =	 4732,
}

@inproceedings{SozeauOury08,
  author =	 {M. Sozeau and N. Oury},
  title =	 {First-Class Type Classes},
  booktitle =	 {TPHOL},
  year =	 2008,
  pages =	 {278--293},
  doi =		 {10.1007/978-3-540-71067-7_23},
  publisher =	 sv,
  series =	 lncs,
  volume =	 4732,
}

@inproceedings{MS72,
  author =	 {A.R. Meyer and L. J. Stockmeyer.},
  title =	 {The equivalence problem for regular expressions with
                  squaring requires exponential space},
  booktitle =	 {SWAT},
  year =	 1972,
  pages =	 {125--129},
  doi =		 {10.1109/SWAT.1972.29},
  publisher =	 ieee,
}

@inproceedings{MS73,
  author =	 {A.R. Meyer and L. J. Stockmeyer.},
  title =	 {Word problems requiring exponential time},
  booktitle =	 {STOC},
  year =	 1973,
  pages =	 {1--9},
  doi =		 {10.1145/800125.804029},
  publisher =	 acm,
}

@inproceedings{GregoireM05,
  author =	 {B. Gr{\'e}goire and A. Mahboubi},
  title =	 {Proving Equalities in a Commutative Ring Done Right
                  in {C}oq},
  booktitle =	 {TPHOL},
  year =	 2005,
  pages =	 {98--113},
  volume =	 3603,
  doi =		 {10.1007/11541868_7},
  publisher =	 sv,
  series =	 lncs,
}

@inproceedings{AllenCHA90,
  author =	 {S. F. Allen and R. L. Constable and D. J. Howe and
                  W. E. Aitken},
  title =	 {The Semantics of Reflected Proof},
  booktitle =	 {LICS},
  publisher =	 ieee,
  year =	 1990,
  pages =	 {95--105},
  doi =		 {10.1109/LICS.1990.113737}
}

@inproceedings{HofnerS08,
  author =	 {P. H{\"o}fner and G. Struth},
  title =	 {On Automating the Calculus of Relations},
  booktitle =	 {IJCAR},
  year =	 2008,
  pages =	 {50--66},
  doi =		 {10.1007/978-3-540-71070-7_5},
  volume =	 5195,
  publisher =	 sv,
  series =	 lncs,
}

@article{Krob91a,
  author =	 {D. Krob},
  title =	 {Complete Systems of {B}-Rational Identities},
  journal =	 tcs,
  volume =	 89,
  number =	 2,
  year =	 1991,
  pages =	 {207--343},
  doi =		 {10.1016/0304-3975(91)90395-I}
}

@book{AhoHU74,
  author =	 {A. V. Aho and J. E. Hopcroft and J. D. Ullman},
  title =	 {The Design and Analysis of Computer Algorithms},
  publisher =	 {Addison-Wesley},
  year =	 1974,
  isbn =	 {0-201-00029-6},
}

@ARTICLE{Leroy-backend,
  AUTHOR =	 {X. Leroy},
  TITLE =	 {A formally verified compiler back-end},
  JOURNAL =	 jar,
  VOLUME =	 43,
  NUMBER =	 4,
  PAGES =	 {363--446},
  YEAR =	 2009,
  doi =		 {10.1007/s10817-009-9155-4},
}

@inproceedings{GlabbeekP08,
  author =	 {R. J. van Glabbeek and B. Ploeger},
  title =	 {Five Determinisation Algorithms},
  booktitle =	 {CIAA},
  year =	 2008,
  pages =	 {161--170},
  doi =		 {10.1007/978-3-540-70844-5_17},
  publisher =	 sv,
  series =	 lncs,
  volume =	 5148,
}

@Article{redko64,
  author =	 {V. Redko},
  title =	 {On defining relations for the algebra of regular
                  events},
  journal =	 {Ukr. Mat. Z.},
  year =	 1964,
  volume =	 16,
  pages =	 {120-}}

@Book{TG87,
  author =	 {A. Tarski and S. Givant},
  title =	 {A Formalization of Set Theory without Variables},
  publisher =	 ams,
  series =	 {Colloquium Publications},
  volume =	 41,
  address =	 {Providence, Rhode Island},
  year =	 1987,
}

@article{klein93,
  author =	 {A. Br\"{u}ggemann-Klein},
  title =	 {Regular expressions into finite automata},
  journal =	 tcs,
  volume =	 120,
  number =	 2,
  year =	 1993,
  pages =	 {197--213},
  doi =		 {10.1016/0304-3975(93)90287-4},
  publisher =	 {Elsevier},
}

@InCollection{BoyerMoore81,
  author = 	 {R. Boyer and J. Moore},
  booktitle = 	 {The Correctness Problem in Computer Science},
  title = 	 {Metafunctions: proving them correct and using them efficiently as new proof procedures},
  publisher = 	 {NY: Academic Press},
  year = 	 1981,
  pages = 	 {103--184}
}

@article{KraussN12,
  author =	 {A. Krauss and T. Nipkow},
  title =	 {Proof Pearl: Regular Expression Equivalence and
                  Relation Algebra},
  journal =	 jar,
  volume =	 49,
  number =	 1,
  year =	 2012,
  pages =	 {95--106},
  doi =		 {10.1007/s10817-011-9223-4},
}

@misc{WuZU11:dev,
  author =	 {C. Wu and X. Zhang and C. Urban},
  title =	 {The {M}yhill-{N}erode Theorem Based on Regular
                  Expressions},
  note =	 {Archive of Formal Proofs (proof development)},
  year =	 2011,
  url =          {http://afp.sourceforge.net/entries/Myhill-Nerode.shtml},
}

@inproceedings{CoenT07,
  author =	 {C. Sacerdoti Coen and E. Tassi},
  title =	 {Working with Mathematical Structures in {T}ype
                  {T}heory},
  booktitle =	 {TYPES},
  year =	 2007,
  pages =	 {157--172},
  publisher =	 sv,
  series =	 lncs,
  volume =	 4941,
  doi =		 {10.1007/978-3-540-68103-8_11},
}

@inproceedings{CoenT09,
  author =	 {C. Sacerdoti Coen and E. Tassi},
  title =	 {Nonuniform Coercions via Unification Hints},
  booktitle =	 {TYPES},
  year =	 2009,
  pages =	 {16--29},
  doi =		 {10.4204/EPTCS.53.2},
  series =	 {EPTCS},
  volume =	 53,
}

@inproceedings{SpittersW10,
  author =	 {B. Spitters and E. van der Weegen},
  title =	 {Developing the Algebraic Hierarchy with Type Classes
                  in {C}oq},
  booktitle =	 {ITP},
  publisher =	 sv,
  series =	 lncs,
  volume =	 6172,
  year =	 2010,
  pages =	 {490--493},
  doi =		 {10.1007/978-3-642-14052-5_35},
}

@Book{DaveyPriestley90,
  author =	 {B. Davey and H. Priestley},
  title =	 {Introduction to Lattices and Order},
  publisher =	 cup,
  year =	 1990,
}

@Book{MacLane:cwm,
  author =	 {S. {Mac Lane}},
  title =	 {Categories for the Working Mathematician},
  publisher =	 sv,
  year =	 {1998},
  number =	 {5},
  series =	 {Graduate Texts in Mathematics},
  edition =	 {2nd},
}

@inproceedings{Komendantsky12,
  author =	 {V. Komendantsky},
  title =	 {Reflexive toolbox for regular expression matching:
                  verification of functional programs in
                  {C}oq+Ssreflect},
  booktitle =	 {PLPV},
  year =	 2012,
  pages =	 {61--70},
  publisher =	 acm,
  doi =		 {10.1145/2103776.2103784},
}

@inproceedings{FosterS12,
  author =	 {S. Foster and G. Struth},
  title =	 {Automated Analysis of Regular Algebra},
  booktitle =	 {IJCAR},
  year =	 2012,
  pages =	 {271--285},
  publisher =	 sv,
  series =	 lncs,
  volume =	 7364,
  doi =		 {10.1007/978-3-642-31365-3_22},
}

@inproceedings{ArmstrongS12,
  author =	 {A. Armstrong and G. Struth},
  title =	 {Automated Reasoning in Higher-Order Regular Algebra},
  booktitle =	 {RAMiCS},
  year =	 {2012},
  pages =	 {66--81},
  publisher =	 sv,
  series =	 lncs,
  volume =	 {7560},
  doi =		 {10.1007/978-3-642-33314-9_5},
}

@misc{ArmstrongSW13:dev,
  author =	 {A. Armstrong and G. Struth and T. Weber},
  title =	 {Kleene Algebra},
  note =	 {Archive of Formal Proofs (proof development)},
  year =	 2013,
  url =          {http://afp.sourceforge.net/entries/Kleene_Algebra.shtml},
}

@article{CrvenkovicDE00,
  author =	 {S. Crvenkovic and I. Dolinka and Z. {\'E}sik},
  title =	 {The Variety of {K}leene Algebras with Conversion is
                  not Finitely Based},
  journal =	 tcs,
  volume =	 230,
  number =	 {1-2},
  year =	 2000,
  pages =	 {235--245},
  doi =		 {10.1016/S0304-3975(99)00079-1},
}

@article{Brzozowski64,
  author =	 {J. A. Brzozowski},
  title =	 {Derivatives of Regular Expressions},
  journal =	 jacm,
  volume =	 11,
  number =	 4,
  year =	 1964,
  pages =	 {481--494},
  doi =		 {10.1145/321239.321249},
}

@inproceedings{AlmeidaMPS10,
  author =	 {J. B. Almeida and N. Moreira and D.
                  Pereira and S. M. de Sousa},
  title =	 {Partial Derivative Automata Formalized in {C}oq},
  booktitle =	 {CIAA},
  year =	 2010,
  pages =	 {59--68},
  doi =		 {10.1007/978-3-642-18098-9_7},
  publisher =	 sv,
  series =	 lncs,
  volume =	 6482,
}

@article{PereiraM08,
  author =	 {D. Pereira and N. Moreira},
  title =	 {{KAT} and {PHL} in {C}oq},
  journal =	 {Comput. Sci. Inf. Syst.},
  volume =	 5,
  number =	 2,
  year =	 2008,
  pages =	 {137--160},
  doi =		 {10.2298/CSIS0802137P},
}

@inproceedings{MoreiraPS12,
  author =	 {N. Moreira and D. Pereira and S. M.
                  de Sousa},
  title =	 {Deciding regular expressions \mbox{(in-)equivalence} in
                  {C}oq},
  booktitle =	 {RAMiCS},
  year =	 2012,
  pages =	 {98--113},
  publisher =	 sv,
  series =	 lncs,
  volume =	 7560,
  doi =		 {10.1007/978-3-642-33314-9_7},
}

@inproceedings{Barthe95,
  author =	 {G. Barthe},
  title =	 {Implicit Coercions in Type Systems},
  booktitle =	 {TYPES},
  year =	 1995,
  pages =	 {1--15},
  publisher =	 sv,
  series =	 lncs,
  volume =	 1158,
  doi =		 {10.1007/3-540-61780-9_58},
}

@inproceedings{Asperti12,
  author =	 {A. Asperti},
  title =	 {A Compact Proof of Decidability for Regular
                  Expression Equivalence},
  booktitle =	 {ITP},
  year =	 2012,
  pages =	 {283--298},
  publisher =	 sv,
  series =	 lncs,
  volume =	 7406,
  doi =		 {10.1007/978-3-642-32347-8_19},
}

@article{GeuversPWZ02,
  author =	 {H. Geuvers and R. Pollack and F. Wiedijk and
                  J. Zwanenburg},
  title =	 {A Constructive Algebraic Hierarchy in {C}oq},
  journal =	 {Journal of Symbolic Computation},
  volume =	 34,
  number =	 4,
  year =	 2002,
  pages =	 {271--286},
  doi =		 {10.1006/jsco.2002.0552},
}

@article{math-classes,
  author =	 {B. Spitters and E. van der Weegen},
  title =	 {Type Classes for Mathematics in Type Theory},
  journal =	 "{MSCS, special issue on `Interactive theorem proving
                  and the formalization of mathematics'}",
  volume =	 21,
  pages =	 {1--31},
  doi =		 {10.1017/S0960129511000119},
  publisher =	 cup,
  year =	 2011,
  note =	 {(A four pages abstract appeared in Proc. ITP 2010.)}
}

@InProceedings{gonthier:itp11,
  author =	 {G. Gonthier},
  title =	 {Point-free, set-free concrete linear algebra},
  booktitle =	 {ITP},
  pages =	 {103--118},
  year =	 2011,
  publisher =	 sv,
  series =	 lncs,
  volume =	 6898,
  doi =		 {10.1007/978-3-642-22863-6_10},
}


@inproceedings{GregoireL02,
  author =	 {B. Gr{\'e}goire and X. Leroy},
  title =	 {A compiled implementation of strong reduction},
  booktitle =	 {ICFP},
  year =	 2002,
  pages =	 {235--246},
  doi =		 {10.1145/581478.581501},
}

@inproceedings{FosterSW11,
  author =	 {S. Foster and G. Struth and T. Weber},
  title =	 {Automated Engineering of Relational and Algebraic
                  Methods in {I}sabelle/{HOL} - (Invited Tutorial)},
  booktitle =	 {RAMiCS},
  year =	 2011,
  publisher =	 sv,
  series =	 lncs,
  volume =	 6663,
  pages =	 {52--67},
  doi =		 {10.1007/978-3-642-21070-9_5},
}

@inproceedings{ArmandGST10,
  author =	 {M. Armand and B. Gr{\'e}goire and A. Spiwack and
                  L. Th{\'e}ry},
  title =	 {Extending {Coq} with Imperative Features and Its
                  Application to {SAT} Verification},
  booktitle =	 {ITP},
  year =	 2010,
  pages =	 {83--98},
  publisher =	 sv,
  series =	 lncs,
  volume =	 6172,
  doi =		 {10.1007/978-3-642-14052-5_8},
}

@inproceedings{CoquandS11,
  author =	 {T. Coquand and V. Siles},
  title =	 {A Decision Procedure for Regular Expression
                  Equivalence in Type Theory},
  booktitle =	 {CPP},
  year =	 2011,
  publisher =	 sv,
  series =	 lncs,
  volume =	 7086,
  pages =	 {119--134},
  doi =		 {10.1007/978-3-642-25379-9_11},
}


%%%% KAT - KOZEN


@inproceedings{Kozen91,
  author =	 {Dexter Kozen},
  title =	 {A Completeness Theorem for {K}leene {A}lgebras and
                  the Algebra of Regular Events},
  booktitle =	 {LICS},
  year =	 1991,
  pages =	 {214--225},
  doi =		 {10.1109/LICS.1991.151646},
  publisher =	 {IEEE Computer Society},
}

@article{Kozen94,
  number =	 2,
  volume =	 110,
  author =	 "D. Kozen",
  title =	 "A Completeness Theorem for {K}Leene Algebras and the
                  Algebra of Regular Events",
  journal =	 ic,
  year =	 1994,
  pages =	 "366--390",
  doi =		 {10.1006/inco.1994.1037}
}

@techreport{cohen94:ka:hypotheses,
  author =	 {E. Cohen},
  title =	 {Hypotheses in {K}leene Algebra},
  institution =	 {Bellcore, Morristown, N.J.},
  year =	 1994,
  url =          {http://www.researchgate.net/publication/2648968_Hypotheses_in_Kleene_Algebra}
}

@techreport{cohenks96:kat:complexity,
  title =	 "The complexity of {K}leene algebra with tests",
  author =	 "E. Cohen and D. Kozen and F. Smith",
  year =	 1996,
  number =	 "TR96-1598",
  institution =	 "CS Dpt., Cornell University",
  url =		 {http://www.cs.cornell.edu/~kozen/papers/ckat.pdf}
}

@inproceedings{kozens96:kat:completeness:decidability,
  volume =	 1258,
  month =	 "September",
  author =	 "D. Kozen and F. Smith",
  series =	 lncs,
  booktitle =	 "CSL",
  title =	 "Kleene algebra with tests: Completeness and
                  decidability",
  publisher =	 sv,
  pages =	 "244--259",
  year =	 1996,
  doi =		 {10.1007/3-540-63172-0_43}
}

@article{kozen:97:kat,
  number =	 3,
  volume =	 19,
  month =	 "May",
  author =	 "D. Kozen",
  title =	 "Kleene algebra with tests",
  journal =	 "Transactions on Programming Languages and Systems",
  year =	 1997,
  pages =	 "427--443",
  doi =		 {10.1145/256167.256195}
}

@techreport{kozen98:ka:typed,
  title =	 "Typed {K}leene Algebra",
  author =	 "D. Kozen",
  year =	 1998,
  number =	 "TR98-1669",
  institution =	 "CS Dpt., Cornell University",
  url =		 {http://www.cs.cornell.edu/~kozen/papers/typed.pdf}
}

@article{kozen00:kat:hoare,
  number =	 1,
  volume =	 1,
  author =	 "D. Kozen",
  title =	 "On {H}oare logic and {K}leene algebra with tests",
  journal =	 "ACM Trans. Comput. Log.",
  year =	 2000,
  pages =	 "60--76",
  doi =		 "10.1145/343369.343378"
}

@inproceedings{kozenp00:kat:compiler:opts,
  volume =	 1861,
  author =	 "D. Kozen and M.-C. Patron",
  series =	 lnai,
  booktitle =	 "CL2000",
  title =	 "Certification of compiler optimizations using
                  {K}leene Algebra with Tests",
  publisher =	 sv,
  pages =	 "568--582",
  year =	 2000,
  doi =		 {10.1007/3-540-44957-4_38},
}

@techreport{angusk01:kat:schemato,
  author =	 "A. Angus and D. Kozen",
  title =	 "Kleene Algebra with Tests and Program Schematology",
  institution =	 "CS Dpt., Cornell University",
  number =	 "TR2001-1844",
  month =	 "July",
  year =	 2001,
  url =		 {http://hdl.handle.net/1813/5831}
}

@techreport{hardink02:kat:hypotheses,
  author =	 "C. Hardin and D. Kozen",
  title =	 "On the Elimination of Hypotheses in {K}leene Algebra
                  with Tests",
  institution =	 "CS Dpt., Cornell University",
  number =	 "TR2002-1879",
  month =	 "October",
  year =	 2002,
  url =		 {http://hdl.handle.net/1813/5855},
}

@article{kozen02:ka:complexity,
  volume =	 179,
  author =	 "D. Kozen",
  title =	 "On the complexity of reasoning in {K}leene Algebra",
  pages =	 "152--162",
  year =	 2002,
  journal =	 ic,
  doi =		 {10.1006/inco.2001.2960}
}

@techreport{kozen08:kat:coalgebra,
  author =	 "D. Kozen",
  title =	 "On the Coalgebraic Theory of {K}leene Algebra with
                  Tests",
  institution =	 "CIS, Cornell University",
  url =		 {http://hdl.handle.net/1813/10173},
  month =	 "March",
  year =	 2008
}

@article{Kaplan69,
  author =	 {D. M. Kaplan},
  title =	 {Regular Expressions and the Equivalence of Programs},
  journal =	 {J. Comput. Syst. Sci.},
  volume =	 3,
  number =	 4,
  year =	 1969,
  pages =	 {361--386},
  doi =		 {10.1016/S0022-0000(69)80027-9},
}

@article{IwanoS90,
  author =	 {K. Iwano and K. Steiglitz},
  title =	 {A Semiring on Convex Polygons and Zero-Sum Cycle
                  Problems},
  journal =	 {SIAM J. Comput.},
  volume =	 19,
  number =	 5,
  year =	 1990,
  pages =	 {883--901},
  doi =		 {10.1137/0219061},
}

@Book{Manna74,
  author =	 {Z. Manna},
  title =	 {Mathematical Theory of Computation},
  publisher =	 {McGraw-Hill},
  year =	 1974
}

@Article{Moore56,
  author =	 {E. F. Moore},
  title =	 {Gedanken-experiments on Sequential Machines},
  journal =	 {Automata Studies, Annals of Mathematical Studies},
  year =	 1956,
  volume =	 34,
  pages =	 {129--153},
  url =          {http://people.mokk.bme.hu/~kornai/termeszetes/moore_1956.pdf}
}

@article{Bryant86,
  author =	 {R. E. Bryant},
  title =	 {Graph-Based Algorithms for Boolean Function
                  Manipulation},
  journal =	 {IEEE Trans. Computers},
  volume =	 35,
  number =	 8,
  year =	 1986,
  pages =	 {677--691},
  doi =          {10.1109/TC.1986.1676819},
}

@article{Bryant92,
  author =	 {R. E. Bryant},
  title =	 {Symbolic {B}oolean Manipulation with Ordered
                  Binary-Decision Diagrams},
  journal =	 {ACM Computing Surveys},
  volume =	 24,
  number =	 3,
  year =	 1992,
  pages =	 {293--318},
  doi =		 {10.1145/136035.136043},
}

@inproceedings{HenriksenJJKPRS95,
  author =	 {J. G. Henriksen and J. L. Jensen and M.
                  E. J{\o}rgensen and N. Klarlund and R. Paige
                  and T. Rauhe and A. Sandholm},
  title =	 {Mona: Monadic Second-Order Logic in Practice},
  booktitle =	 {TACAS},
  year =	 1995,
  publisher =	 sv,
  series =	 lncs,
  volume =	 1019,
  pages =	 {89--110},
  doi =		 {10.1007/3-540-60630-0_5},
}

@inproceedings{Veanes13,
  author =	 {M. Veanes},
  title =	 {Applications of Symbolic Finite Automata},
  booktitle =	 {CIAA},
  year =	 2013,
  pages =	 {16--23},
  doi =		 {10.1007/978-3-642-39274-0_3},
  publisher =	 sv,
  series =	 lncs,
  volume =	 7982,
}

@inproceedings{DAntoniV14,
  author =	 {L. D'Antoni and M. Veanes},
  title =	 {Minimization of symbolic automata},
  booktitle =	 {POPL},
  publisher =	 acm,
  pages =	 {541--553},
  year =	 2014,
  doi =		 {10.1145/2535838.2535849},
}

@article{HofnerM12,
  author =	 {P. H{\"o}fner and B. M{\"o}ller},
  title =	 {Dijkstra, {F}loyd and {W}arshall meet {K}leene},
  journal =	 {Formal Aspects of Computing},
  volume =	 {24},
  number =	 {4-6},
  year =	 {2012},
  pages =	 {459--476},
  doi =		 {10.1007/s00165-012-0245-4},
}

@inproceedings{CAV06,
  author =	 "M. De Wulf and L. Doyen and T. A. Henzinger and
                  J.-F. Raskin",
  title =	 "Antichains: A New Algorithm for Checking
                  Universality of Finite Automata",
  booktitle =	 "CAV",
  series =	 lncs,
  volume =	 4144,
  pages =	 {17--30},
  publisher =	 sv,
  year =	 2006,
  doi =		 {10.1007/11817963_5}
}

@inproceedings{tacas10,
  author =	 {P. A. Abdulla and Y.-F. Chen and L. Hol\'{\i}k and
                  R. Mayr and T. Vojnar},
  title =	 {When Simulation Meets Antichains},
  booktitle =	 {TACAS},
  year =	 2010,
  publisher =	 sv,
  series =	 lncs,
  volume =	 6015,
  pages =	 {158--174},
  doi =		 {10.1007/978-3-642-12002-2_14},
}

@inproceedings{FilliatreC06,
  author =	 {J.-C. Filli{\^a}tre and S. Conchon},
  title =	 {Type-safe modular hash-consing},
  booktitle =	 {ML},
  year =	 2006,
  pages =	 {12--19},
  doi =		 {10.1145/1159876.1159880},
  publisher =	 acm,
}

@article{BES95,
  title =	 {Notes on equational theories of relations},
  author =	 {S. L. Bloom and Z. {\'E}sik and
                  G. Stefanescu},
  journal =	 au,
  volume =	 33,
  number =	 1,
  pages =	 {98--126},
  year =	 1995,
  doi =		 {10.1007/BF01190768},
}

@article{EB95,
  title =	 {Equational properties of {K}leene algebras of
                  relations with conversion},
  author =	 {Z. {\'E}sik and L. Bern{\'a}tsky},
  journal =	 tcs,
  volume =	 137,
  number =	 2,
  pages =	 {237--251},
  year =	 1995,
  publisher =	 {Elsevier},
  doi =		 {10.1016/0304-3975(94)00041-G},
}

@inproceedings{NetKAT14,
  author =	 {C. J. Anderson and N. Foster and A. Guha
                  and J.-B. Jeannin and D. Kozen and C.
                  Schlesinger and D. Walker},
  title =	 {NetkAT: semantic foundations for networks},
  booktitle =	 {POPL},
  publisher =	 acm,
  year =	 2014,
  pages =	 {113--126},
  doi =		 {10.1145/2535838.2535862},
}

@inproceedings{FKMST14a,
  author =	 "N. Foster and D. Kozen and M. Milano and
                  A. Silva and L. Thompson",
  title =	 "A Coalgebraic Decision Procedure for {NetKAT}",
  booktitle =	 {POPL},
  publisher =	 acm,
  year =	 2015,
  doi =		 {10.1145/2676726.2677011},
}

@inproceedings{BouajjaniHV04,
  author =	 {A. Bouajjani and P. Habermehl and T.
                  Vojnar},
  title =	 {Abstract Regular Model Checking},
  booktitle =	 {CAV},
  year =	 2004,
  doi =		 {10.1007/978-3-540-27813-9_29},
  publisher =	 sv,
  series =	 lncs,
  volume =	 3114,
  pages =	 {372--386},
}

@inproceedings{GKM14a:KATB,
  author =	 "N. B. B. Grathwohl and D. Kozen and
                  K. Mamouras",
  title =	 "{KAT + B!}",
  doi =		 {10.1145/2603088.2603095},
  booktitle =	 "CSL-LICS",
  month =	 "July",
  year =	 2014,
  publisher =	 acm,
}

@PhdThesis{Huet:phd,
  author =	 {G. Huet},
  title =	 {R\'esolution d'\'equations dans les langages d'ordre
                  1,2, ... ,$\omega$},
  school =	 {Universit\'e Paris VII},
  note =	 {Th\`ese d'\'Etat},
  year =	 1976,
  url =		 {http://yquem.inria.fr/~huet/PUBLIC/Huet1976.pdf},
}

@PhdThesis{Remy:phd,
  author =	 {D. R\'emy},
  title =	 {Alg\`ebres Touffues. Application au Typage Polymorphe des Objets Enregistrements dans les Langages Fonctionnels},
  school =	 {Universit\'e Paris VII},
  note =	 {Th\`ese de doctorat},
  year =	 1990,
}

@MISC{Remy92extensionof,
  author =	 {D. R\'emy},
  title =	 {Extension of {ML} Type System with a Sorted Equational
                  Theory on Types},
  year =	 1992,
  note =	 {Research Report 1766},
  url =		 {http://gallium.inria.fr/~remy/ftp/eq-theory-on-types.pdf},
}

@InBook{attapl,
  author =	 {F. Pottier and D. R\'emy},
  title =	 {Advanced Topics in Types and Programming Languages },
  chapter =	 {The Essence of ML Type Inference},
  publisher =	 mitp,
  year =	 {2004},
}


@article{HirshfeldJM96:nbpp:bof,
  author =	 {Y. Hirshfeld and M. Jerrum and F. Moller},
  title =	 {A Polynomial-Time Algorithm for Deciding
                  Bisimulation Equivalence of {N}ormed {B}asic
                  {P}arallel {P}rocesses},
  journal =	 mscs,
  volume =	 6,
  number =	 3,
  year =	 1996,
  pages =	 {251--259},
  doi =		 {10.1017/S0960129500000992},
}

@article{ChristensenHS95,
  author =	 {S. Christensen and H. H{\"u}ttel and C. Stirling},
  title =	 {Bisimulation Equivalence is Decidable for All
                  Context-Free Processes},
  journal =	 ic,
  volume =	 121,
  number =	 2,
  year =	 1995,
  pages =	 {143--148},
  doi =		 {10.1006/inco.1995.1129},
}

@article{Caucal90,
  author =	 {D. Caucal},
  title =	 {Graphes canoniques de graphes alg{\'e}briques},
  journal =	 {ITA},
  volume =	 24,
  year =	 1990,
  pages =	 {339--352},
  url =          {http://archive.numdam.org/article/ITA_1990__24_4_339_0.pdf}
}

@inproceedings{BaetenBK87,
  author =	 {J. C. M. Baeten and J. A. Bergstra and J. W. Klop},
  title =	 {Decidability of Bisimulation Equivalence for
                  Processes Generating Context-Free Languages},
  booktitle =	 {PARLE (II)},
  year =	 1987,
  publisher =	 sv,
  series =	 lncs,
  volume =	 259,
  pages =	 {94--111},
  doi =		 {10.1007/3-540-17945-3_5},
}

@InProceedings{FSTTCS,
  author =	 {A. Silva and F. Bonchi and M. Bonsangue and J. Rutten},
  title =	 {Generalizing the powerset construction,
                  coalgebraically},
  booktitle =	 {FSTTCS},
  year =	 2010,
  volume =	 8,
  series =	 {LIPIcs},
  pages =	 {272--283},
  publisher =	 {Leibniz-Zentrum fuer Informatik},
  doi =		 {10.4230/LIPIcs.FSTTCS.2010.272},
}

@article{FernandezMJJ92,
  author =	 {J.-C. Fernandez and L. Mounier and C.  Jard and
                  T. Jéron},
  title =	 {On-the-fly Verification of Finite Transition
                  Systems},
  journal =	 {Formal Methods in System Design},
  volume =	 1,
  number =	 {2/3},
  year =	 1992,
  pages =	 {251--273},
  doi =		 {10.1007/BF00121127}
}

@techreport{HopcroftKarp,
  author =	 {J. E. Hopcroft and R. M. Karp},
  title =	 {A Linear Algorithm for Testing Equivalence of Finite
                  Automata},
  url =          {http://techreports.library.cornell.edu:8081/Dienst/UI/1.0/Display/cul.cs/TR71-114},
  institution =	 {Cornell University},
  number =	 114,
  month =	 {December},
  year =	 1971
}

@InProceedings{Brzozowski,
  author =	 {J. A. Brzozowski},
  title =	 {Canonical regular expressions and minimal state
                  graphs for definite events},
  booktitle =	 {Mathematical Theory of Automata},
  year =	 1962,
  volume =	 {12(6)},
  pages =	 {529--561},
  publisher =	 {Polytechnic Press, NY}
}

@article{MilnerPW92,
  author =	 {R. Milner and J. Parrow and D. Walker},
  title =	 {A Calculus of Mobile Processes, {I/II}},
  journal =	 ic,
  volume =	 100,
  number =	 1,
  year =	 1992,
  pages =	 {1--77},
}

@book{Milner89,
  author =	 {R. Milner},
  title =	 {Communication and Concurrency},
  publisher =	 {Prentice Hall},
  year =	 1989,
}

@inproceedings{Rutten98,
  author =	 {J. Rutten},
  title =	 {Automata and Coinduction (An Exercise in Coalgebra)},
  booktitle =	 {CONCUR},
  year =	 1998,
  pages =	 {194--218},
  doi =		 {10.1007/BFb0055624},
  publisher =	 sv,
  series =	 lncs,
  volume =	 1466,
}


@article{San98MSCS,
  author =	 {D. Sangiorgi},
  title =	 {On the Bisimulation Proof Method},
  journal =	 mscs,
  volume =	 8,
  pages =	 {447--479},
  year =	 1998,
  doi =		 "10.1017/S0960129598002527",
}

@inproceedings{HenzingerHK95,
  author =	 {M. R. Henzinger and T. A. Henzinger and
                  P. W. Kopke},
  title =	 {Computing Simulations on Finite and Infinite Graphs},
  booktitle =	 {FOCS},
  year =	 1995,
  pages =	 {453--462},
  doi =		 {10.1109/SFCS.1995.492576},
  publisher =	 ieee,
}

@inproceedings{LengalSV12,
  author =	 {O. Leng{\'a}l and J. Sim{\'a}cek and
                  T. Vojnar},
  title =	 {VATA: A Library for Efficient Manipulation of
                  Non-deterministic Tree Automata},
  booktitle =	 {TACAS},
  year =	 2012,
  pages =	 {79--94},
  doi =		 {10.1007/978-3-642-28756-5_7},
  publisher =	 sv,
  series =	 lncs,
  volume =	 7214,
}

@inproceedings{Senizergues97,
  author =	 {G. S{\'{e}}nizergues},
  title =	 {The Equivalence Problem for Deterministic Pushdown
                  Automata is Decidable},
  booktitle =	 {ICALP},
  pages =	 {671--681},
  year =	 1997,
  doi =		 {10.1007/3-540-63165-8_221},
  series =	 lncs,
  volume =	 1256,
  publisher =	 sv,
}

@inproceedings{BouajjaniEM97,
  author =	 {A. Bouajjani and J. Esparza and O. Maler},
  title =	 {Reachability Analysis of Pushdown Automata:
                  Application to Model-Checking},
  booktitle =	 {CONCUR},
  pages =	 {135--150},
  year =	 {1997},
  doi =		 {10.1007/3-540-63141-0_10},
  series =	 lncs,
  volume =	 1243,
  publisher =	 sv,
}

@inproceedings{TuriP97,
  author =	 {D. Turi and G. D. Plotkin},
  title =	 {Towards a Mathematical Operational Semantics},
  booktitle =	 {LICS},
  pages =	 {280--291},
  doi =		 {10.1109/LICS.1997.614955},
  publisher =	 ieee,
  year =	 1997,
}

@Book{Conway71,
  author =	 {J. H. Conway},
  title =	 {Regular algebra and finite machines},
  publisher =	 {Chapman and Hall},
  year =	 1971,
}

@inproceedings{feitthompson13,
  author =	 {G. Gonthier and A. Asperti and J.  Avigad and
                  Y. Bertot and C. Cohen and F. Garillot and S. Le
                  Roux and A. Mahboubi and R. O'Connor and S.  Ould
                  Biha and I. Pasca and L. Rideau and A. Solovyev and
                  E. Tassi and L.  Th{\'{e}}ry},
  title =	 {A Machine-Checked Proof of the Odd Order Theorem},
  booktitle =	 {ITP},
  year =	 2013,
  series =	 lncs,
  volume =	 7998,
  publisher =	 sv,
  pages =	 {163--179},
  doi =		 {10.1007/978-3-642-39634-2_14},
}

@article{Compcert-CACM,
  author =	 {X. Leroy},
  title =	 {Formal verification of a realistic compiler},
  journal =	 cacm,
  year =	 2009,
  volume =	 52,
  number =	 7,
  pages =	 {107--115},
  doi =		 {10.1145/1538788.1538814},
}

@InCollection{Abr90,
  author =	 {S. Abramsky},
  title =	 {The {L}azy {L}ambda {C}alculus},
  booktitle =	 {Research Topics in Functional Programming},
  publisher =	 {Addison Wesley},
  pages =	 {65--116},
  year =	 1990,
  editor =	 {D. A. Turner},
  URL =          {http://web.comlab.ox.ac.uk/oucl/work/samson.abramsky/lazy.ps.gz},
}

@inproceedings{AczelM89,
  author =	 {P. Aczel and N. P. Mendler},
  title =	 {A Final Coalgebra Theorem},
  booktitle =	 {Category Theory and Computer Science},
  pages =	 {357--365},
  year =	 {1989},
  series =	 lncs,
  volume =	 {389},
  publisher =	 sv,
}

@Article{Kna28,
  author =	 {B. Knaster},
  title =	 {Un th\'eor\`eme sur les fonctions d'ensembles},
  journal =	 {Annales de la Société Polonaise de Mathématiques},
  year =	 1928,
  volume =	 6,
  pages =	 {133--134},
}

@Article{Tarski55,
  author =	 {A. Tarski},
  title =	 {A {L}attice-{T}heoretical {F}ixpoint {T}heorem and
                  its {A}pplications},
  journal =	 {Pacific Journal of Mathematics},
  year =	 1955,
  volume =	 5,
  number =	 2,
  month =	 jun,
  pages =	 {285--309},
}

@Book{RL07,
  author =	 {N. Galatos and P. Jipsen and T. Kowalski and H. Ono},
  title =	 {Residuated Lattices: An Algebraic Glimpse at
                  Substructural Logics},
  publisher =	 {Elsevier},
  year =	 2007
}
  @Comment Studies in Logic and the Foundations of Mathematics, Vol. 151

@InProceedings{Pratt92,
  title =	 "Origins of the Calculus of Binary Relations",
  author =	 "V. Pratt",
  pages =	 {248--254},
  booktitle =	 "LICS",
  year =	 1992,
  publisher =	 "IEEE Computer Society Press",
}

@inproceedings{Pratt90,
  author =	 {V. Pratt},
  title =	 {Action Logic and Pure Induction},
  booktitle =	 {JELIA},
  year =	 1990,
  publisher =	 sv,
  series =	 lncs,
  volume =	 478,
  pages =	 {97--120},
  doi =		 {10.1007/BFb0018436}
}

@article{AbadiG98,
  Author =	 {M. Abadi and A. D. Gordon},
  Journal =	 {Nord. J. Comput.},
  Number =	 4,
  Pages =	 {267-},
  Title =	 {A Bisimulation Method for Cryptographic Protocols},
  Volume =	 5,
  Year =	 1998,
  doi =		 {10.1007/BFb0053560}
}

@article{SumiiP07:type,
  Author =	 {E. Sumii and B. C. Pierce},
  Journal =	 jacm,
  Number =	 5,
  Title =	 {A bisimulation for type abstraction and recursion},
  Volume =	 54,
  Year =	 2007,
  doi =		 {10.1145/1284320.1284325}
}

@inproceedings{fournet00asynchronous,
  author =	 "C. Fournet and {J.-J.} L{\'e}vy and A. Schmitt",
  title =	 "An Asynchronous, Distributed Implementation of
                  Mobile Ambients",
  booktitle =	 "{IFIP} {TCS}",
  pages =	 {348--364},
  series =	 lncs,
  publisher =	 sv,
  volume =	 1872,
  year =	 2000,
  doi =		 {10.1007/3-540-44929-9_26}
}

@InProceedings{FournetG98,
  title =	 "A Hierarchy of Equivalences for Asynchronous
                  Calculi",
  author =	 "C{\'e}dric Fournet and Georges Gonthier",
  booktitle =	 {ICALP},
  publisher =	 sv,
  year =	 1998,
  volume =	 1443,
  pages =	 {844--855},
  series =	 lncs,
  doi =		 {10.1007/BFb0055107}
}

@article{Girard87,
  author =	 {J.-Y. Girard},
  title =	 {Linear Logic},
  journal =	 tcs,
  volume =	 50,
  year =	 1987,
  pages =	 {1--102},
}

@article{Yetter90,
  title =	 {Quantales and (Noncommutative) Linear Logic},
  author =	 {D. Yetter},
  journal =	 jsm,
  volume =	 55,
  number =	 1,
  pages =	 {41--64},
  doi =		 {10.2307/2274953},
  year =	 1990,
}

@article{Andreoli92,
  author =	 {J.-M. Andreoli},
  title =	 {Logic Programming with Focusing Proofs in Linear
                  Logic},
  journal =	 jlc,
  volume =	 2,
  number =	 3,
  year =	 1992,
  pages =	 {297--347},
}

@inbook {Rutten11,
  author =	 {B. Jacobs and J. Rutten},
  chapter =	 {An introduction to (co)algebras and (co)induction},
  title =	 {Advanced Topics in Bisimulation and Coinduction},
  publisher =	 cup,
  pages =	 {38--99},
  year =	 2011,
  isbn =	 9781107004979,
}

@misc{aczel88,
  author =	 {P. Aczel},
  title =	 {Non-well-founded sets},
  note =	 {CSLI Lecture Notes 14, Stanford},
  year =	 1988,
}

@article{AB95,
  year =	 1995,
  issn =	 {0002-5240},
  journal =	 au,
  volume =	 33,
  number =	 4,
  title =	 {The equational theory of union-free algebras of
                  relations},
  doi =		 {10.1007/BF01225472},
  author =	 {Andréka, H. and Bredikhin, D.A.},
  pages =	 {516--532},
}

@article{AMN11,
  author =	 {H. Andr{\'e}ka and S. Mikul{\'a}s and I. N{\'e}meti},
  title =	 {The equational theory of {K}leene lattices},
  journal =	 tcs,
  volume =	 {412},
  number =	 {52},
  year =	 {2011},
  pages =	 {7099--7108},
  doi =		 {10.1016/j.tcs.2011.09.024},
}

@article{AM11,
  author =	 {H. Andr{\'e}ka and S. Mikul{\'a}s},
  title =	 {Axiomatizability of positive algebras of binary relations},
  journal =	 au,
  volume =	 {66},
  number =	 {1},
  year =	 {2011},
  pages =	 {7--34},
  doi =		 {10.1007/s00012-011-0142-3},
}

@PhdThesis{moller:phd,
  author = 	 {F. Moller},
  title = 	 {Axioms for {C}oncurrency},
  school = 	 {University of {E}dinburgh},
  year = 	 1988
}

@Article{milnermoller,
  author = 	 {R. Milner and F. Moller},
  title = 	 {Unique {D}ecomposition of {P}rocesses},
  journal = 	 {TCS},
  year = 	 1993,
  volume =	 107,
  number =	 2,
  pages =	 {357--363}
}

@Book{terese,
  author =	 {Te{R}e{S}e},
  title =	 {Term Rewriting Systems},
  publisher =	 cup,
  year =	 2003
}


@Article{MZ05,
  author =	 {M. Merro and F. Zappa Nardelli},
  title =	 {Behavioural theory for Mobile Ambients},
  journal =	 jacm,
  year =	 2005,
  volume =	 52,
  number =	 6,
  pages =	 {961--1023},
}

@inproceedings{BojanczykC06,
  author =	 {M. Bojanczyk and T. Colcombet},
  title =	 {Bounds in w-Regularity},
  booktitle =	 {LICS},
  pages =	 {285--296},
  year =	 2006,
  doi =		 {10.1109/LICS.2006.17},
  publisher =	 ieee,
}

@inproceedings{Colcombet09,
  author =	 {T. Colcombet},
  title =	 {The Theory of Stabilisation Monoids and Regular Cost
                  Functions},
  booktitle =	 {ICALP},
  pages =	 {139--150},
  year =	 2009,
  doi =		 {10.1007/978-3-642-02930-1_12},
  series =	 lncs,
  volume =	 5556,
  publisher =	 sv,
}

@Article{Rabin69,
  author =	 {Rabin, M. O.},
  title =	 {Decidability of second order theories and automata
                  on infinite trees},
  journal =	 {Trans.  AMS},
  year =	 1969,
  volume =	 141,
  pages =	 {1–35}
}

@inproceedings{Buchi62,
  author =	 {Büchi, J. R.},
  year =	 1962,
  title =	 "On a decision method in restricted second order
                  arithmetic",
  booktitle =	 "Int. Cong. on Log., Met., and Phil. of Sci.",
  pages =	 {1--12},
}

@Book{TATA,
  author =	 {H. Comon and M. Dauchet and R. Gilleron and
                  F. Jacquemard and D. Lugiez and S. Tison and
                  M. Tommasi},
  title =	 {Tree Automata Techniques and Applications},
  publisher =	 {Online},
  year =	 2007,
  url =		 "http://tata.gforge.inria.fr/"
}

@inproceedings{KozenM14,
  author =	 {D. Kozen and K. Mamouras},
  title =	 {Kleene Algebra with Equations},
  booktitle =	 {ICALP},
  pages =	 {280--292},
  year =	 2014,
  doi =		 {10.1007/978-3-662-43951-7_24},
  series =	 lncs,
  volume =	 8573,
  publisher =	 sv,
}

@incollection{K92a,
  author =	 "D. Kozen",
  title =	 "On action algebras",
  booktitle =	 "Logic and Inf. Flow",
  pages =	 "78--88",
  year =	 1994,
  publisher =	 "MIT Press",
}

@article{BraibantJM14,
  author =	 {T. Braibant and J.-H. Jourdan and D. Monniaux},
  title =	 {Implementing and Reasoning About Hash-consed Data
                  Structures in {C}oq},
  journal =	 jar,
  volume =	 53,
  number =	 3,
  pages =	 {271--304},
  year =	 2014,
  doi =		 {10.1007/s10817-014-9306-0},
}

@inproceedings{ClaretGRZ13,
  author =	 {G. Claret and L. González-Huesca and Y. Régis-Gianas
                  and B. Ziliani},
  title =	 {Lightweight Proof by Reflection Using a Posteriori
                  Simulation of Effectful Computation.},
  booktitle =	 {ITP},
  year =	 2013,
  pages =	 {67--83},
  doi =		 {10.1007/978-3-642-39634-2_8},
}

@inproceedings{Sinz00,
  author =	 {C. Sinz},
  title =	 {System Description: {ARA} - An Automatic Theorem
                  Prover for Relation Algebras},
  booktitle =	 {CADE},
  pages =	 {177--182},
  year =	 2000,
  series =	 lncs,
  volume =	 1831,
  publisher =	 sv,
  doi =		 {10.1007/10721959_13},
}

@Book{jacobs:book,
  author =	 {B. Jacobs},
  title =	 {Introduction to coalgebra. Towards mathematics of
                  states and observations},
  publisher =	 {Draft},
  year =	 2014,
  url =          {http://www.cs.ru.nl/B.Jacobs/CLG/JacobsCoalgebraIntro.pdf}
}


@article{armstrong14,
  author =	 {A. Armstrong and G. Struth and T. Weber},
  title =	 {Programming and Automating Mathematics in the
                  {Tarski}-{Kleene} Hierarchy},
  journal =	 jlamp,
  volume =	 83,
  number =	 2,
  pages =	 {87--102},
  publisher =	 {Elsevier},
  year =	 2014,
  doi =		 {10.1016/j.jlap.2014.02.001},
}

@inproceedings{winter:fossacs15,
  author =	 {J. Winter},
  title =	 {A completeness result for finite
                  $\lambda$-bisimulations},
  booktitle =	 {FoSSaCS},
  year =	 2015,
  series =	 lncs,
  publisher =	 sv,
  doi =		 {10.1007/978-3-662-46678-0_8},
  pages =	 {117--132}
}

@inproceedings{Buszkowski06,
  author =	 {W. Buszkowski},
  title =	 {On the Complexity of the Equational Theory of
                  Relational Action Algebras},
  booktitle =	 {RelMiCS/AKA},
  pages =	 {106--119},
  series =	 lncs,
  volume =	 4136,
  publisher =	 sv,
  year =	 2006,
  doi =		 {10.1007/11828563_7},
}

@inproceedings{filliatre13esop,
  author =	 {J.-C. Filli\^atre and A. Paskevich},
  title =	 {Why3 --- Where Programs Meet Provers},
  booktitle =	 {ESOP},
  month =	 mar,
  year =	 2013,
  volume =	 7792,
  series =	 lncs,
  publisher =	 sv,
  pages =	 {125--128},
  doi =		 {10.1007/978-3-642-37036-6_8},
}

@article{Palka07,
  author =	 {Ewa Palka},
  title =	 {An Infinitary Sequent System for the Equational
                  Theory of *-continuous Action Lattices},
  journal =	 {Fundam. Inform.},
  year =	 {2007},
  pages =	 {295--309},
  url =          {http://iospress.metapress.com/content/r5p53611826876j0/},
}



@inproceedings{Sangiorgi95,
  author =	 {D. Sangiorgi},
  title =	 {On the Proof Method for Bisimulation (Extended
                  Abstract)},
  booktitle =	 {MFCS},
  pages =	 {479--488},
  year =	 1995,
  doi =		 {10.1007/3-540-60246-1_153},
  series =	 lncs,
  volume =	 969,
  publisher =	 sv,
}

@inproceedings{paco13,
  author =	 {Chung{-}Kil Hur and Georg Neis and Derek Dreyer and
                  Viktor Vafeiadis},
  title =	 {The power of parameterization in coinductive proof},
  booktitle =	 {POPL},
  pages =	 {193--206},
  year =	 2013,
  doi =		 {10.1145/2429069.2429093},
  publisher =	 acm,
}

@inproceedings{PohjolaP16,
  author =	 {Johannes {\AA}man Pohjola and Joachim Parrow},
  title =	 {Bisimulation up-to techniques for psi-calculi},
  booktitle =	 {CPP},
  pages =	 {142--153},
  year =	 2016,
  doi =		 {10.1145/2854065.2854080},
  publisher =	 acm,
}

@article{BengtsonPW16,
  author =	 {Jesper Bengtson and Joachim Parrow and Tjark Weber},
  title =	 {Psi-Calculi in Isabelle},
  journal =	 jar,
  volume =	 56,
  number =	 1,
  pages =	 {1--47},
  year =	 2016,
  doi =		 {10.1007/s10817-015-9336-2},
}

@article{Moss01,
  author =	 "Lawrence S. Moss",
  title =	 "Parametric corecursion",
  journal =	 tcs,
  volume =	 260,
  number =	 "1–2",
  pages =	 "139 - 163",
  year =	 2001,
  doi =		 "10.1016/S0304-3975(00)00126-2",
}

@article{NiquiR11,
  author =	 {Milad Niqui and Jan J. M. M. Rutten},
  title =	 {A proof of Moessner's theorem by coinduction},
  journal =	 {Higher-Order and Symbolic Computation},
  volume =	 24,
  number =	 3,
  pages =	 {191--206},
  year =	 2011,
  doi =		 {10.1007/s10990-012-9082-7},
}

@article{Rutten05,
  author =	 {Jan J. M. M. Rutten},
  title =	 {A coinductive calculus of streams},
  journal =	 {Mathematical Structures in Computer Science},
  volume =	 15,
  number =	 1,
  pages =	 {93--147},
  year =	 2005,
  doi =		 {10.1017/S0960129504004517},
}

@Book{SW01,
  author =	 {Davide Sangiorgi and David Walker},
  title =	 {The $\pi$-calculus: a Theory of Mobile Processes},
  publisher =	 cup,
  year =	 2001,
}

@inproceedings{Park81,
  author =	 {David Park},
  title =	 {Concurrency and Automata on Infinite Sequences},
  booktitle =	 tcs,
  year =	 1981,
  pages =	 {167--183},
}

@article{JeffreyR04,
  author =	 {Alan Jeffrey and Julian Rathke},
  title =	 {A theory of bisimulation for a fragment of
                  concurrent {ML} with local names},
  journal =	 tcs,
  volume =	 323,
  number =	 {1-3},
  year =	 2004,
  pages =	 {1--48},
  doi =		 {10.1016/j.tcs.2004.03.005},
}

@article{SevcikVNJS13,
  author =	 {Jaroslav Sevc{\'{\i}}k and Viktor Vafeiadis and
                  Francesco Zappa Nardelli and Suresh Jagannathan and
                  Peter Sewell},
  title =	 {CompCertTSO: {A} Verified Compiler for
                  Relaxed-Memory Concurrency},
  journal =	 jacm,
  volume =	 60,
  number =	 3,
  pages =	 22,
  year =	 2013,
  doi =		 {10.1145/2487241.2487248},
}

@inproceedings{KoutavasW06,
  Author =	 {Vasileios Koutavas and Mitchell Wand},
  Booktitle =	 {POPL},
  Publisher =	 acm,
  Isbn =	 {1-59593-027-2},
  Pages =	 {141--152},
  Title =	 {Small bisimulations for reasoning about higher-order
                  imperative programs},
  Year =	 2006,
  doi =		 {10.1145/1111037.1111050}
}

@PhdThesis{phd:lassen,
  author =	 {S. B. Lassen},
  title =	 {Relational Reasoning about Functions and
                  Nondeterminism},
  school =	 {Department of CS, University of Aarhus},
  year =	 1998
}


@inproceedings{JeffreyR99,
  Author =	 {Alan Jeffrey and Julian Rathke},
  Booktitle =	 {LICS},
  Pages =	 {56--66},
  Title =	 {Towards a Theory of Bisimulation for Local Names},
  Year =	 1999,
  doi =		 {10.1109/LICS.1999.782586}
}

@inproceedings{BoSa97,
  author =	 {M. Boreale and D. Sangiorgi},
  title =	 {Bisimulation in Name-Passing Calculi without
                  Matching},
  booktitle =	 {LICS},
  year =	 1998,
  publisher =	 ieee,
  doi =		 {10.1109/LICS.1998.705653}
}

@article{SumiiP07:seal,
  Author =	 {Eijiro Sumii and Benjamin C. Pierce},
  Journal =	 tcs,
  Number =	 {1-3},
  Pages =	 {169--192},
  Title =	 {A bisimulation for dynamic sealing},
  Volume =	 375,
  Year =	 2007,
  doi =		 {10.1016/j.tcs.2006.12.032}
}

@inproceedings{BloomCT88:GSOS,
  author =	 {Bloom, B. and Istrail, S. and Meyer, A. R.},
  title =	 {Bisimulation Can't Be Traced},
  booktitle =	 {POPL},
  year =	 1988,
  pages =	 {229--239},
  doi =		 {10.1145/73560.73580},
  publisher =	 acm,
} 

@article{Bartels03,
  author =	 {F. Bartels},
  title =	 {Generalised Coinduction},
  journal =	 mscs,
  volume =	 13,
  number =	 2,
  year =	 2003,
  pages =	 {321--348},
  doi =		 {10.1017/S0960129502003900},
}

@inproceedings{ChaudhuriCM15,
  author =	 {Kaustuv Chaudhuri and Matteo Cimini and Dale Miller},
  title =	 {A Lightweight Formalization of the Metatheory of
                  Bisimulation-Up-To},
  booktitle =	 {CPP},
  pages =	 {157--166},
  year =	 2015,
  doi =		 {10.1145/2676724.2693170},
  publisher =	 acm,
}

@inproceedings{RotB14,
  author =	 {Jurriaan Rot and Marcello M. Bonsangue},
  title =	 {Combining Bialgebraic Semantics and Equations},
  booktitle =	 {FoSSaCS},
  pages =	 {381--395},
  year =	 2014,
  series =	 lncs,
  volume =	 8412,
  publisher =	 sv,
  doi =		 {10.1007/978-3-642-54830-7_25},
}

@inproceedings{FiliotJR09,
  author =	 {Emmanuel Filiot and Naiyong Jin and
                  Jean-Fran\c{c}ois Raskin},
  title =	 {An Antichain Algorithm for {LTL} Realizability},
  booktitle =	 {CAV},
  year =	 2009,
  publisher =	 sv,
  series =	 lncs,
  volume =	 5643,
  pages =	 {263--277},
  doi =		 {10.1007/978-3-642-02658-4_22}
}

@article{Holiksim,
  author =	 {Luk\'{a}\v{s} Hol\'{i}k and Ji\v{r}\'{i}
                  \v{S}im\'{a}\v{c}ek},
  title =	 {Optimizing an {LTS}-{S}imulation {A}lgorithm},
  pages =	 {1337--1348},
  journal =	 {Computing and Informatics},
  volume =	 2010,
  number =	 7,
  year =	 2010,
  url =          {http://www.fit.vutbr.cz/research/view_pub.php?id=9733}
}

@inproceedings{DoyenR10,
  author =	 {Laurent Doyen and Jean-Fran\c{c}ois Raskin},
  title =	 {Antichain {A}lgorithms for {F}inite {A}utomata},
  booktitle =	 {TACAS},
  year =	 2010,
  publisher =	 sv,
  series =	 lncs,
  volume =	 6015,
  doi =		 {10.1007/978-3-642-12002-2_2},
}


@InProceedings{minimization,
  author =	 {J. E. Hopcroft},
  title =	 {An N log N algorithm for Minimizing in a Finite
                  Automaton. },
  booktitle =	 {International Symposium of Theory of Machines and
                  Computations},
  publisher =	 ap,
  pages =	 {189--196},
  year =	 1971
}

@Book{book:sangiorgi11,
  author =	 {D. Sangiorgi},
  title =	 {Introduction to Bisimulation and Coinduction},
  publisher =	 cup,
  year =	 2011,
  url =          {http://www.cambridge.org/gb/knowledge/isbn/item6542019/}
}

@article{HirshfeldJM96:ncfp,
  author =	 {Y. Hirshfeld and M. Jerrum and F. Moller},
  title =	 {A Polynomial Algorithm for Deciding Bisimilarity of
                  Normed Context-Free Processes},
  journal =	 tcs,
  volume =	 158,
  number =	 {1{\&}2},
  year =	 1996,
  pages =	 {143--159},
  doi =		 {10.1016/0304-3975(95)00064-X},
}

@book{HopcroftU79,
  author =	 {J. E. Hopcroft and J. D. Ullman},
  title =	 {Introduction to Automata Theory, Languages and
                  Computation},
  publisher =	 {Addison-Wesley},
  year =	 {1979},
}

@inproceedings{TabakovVardi05,
  author =	 {D. Tabakov and M. Vardi},
  title =	 {Experimental Evaluation of Classical Automata
                  Constructions},
  booktitle =	 {LPAR},
  year =	 2005,
  pages =	 {396--411},
  publisher =	 sv,
  series =	 lncs,
  volume =	 3835,
  doi =		 {10.1007/11591191_28},
}

@article{Lenisa99,
  author =	 {M. Lenisa},
  title =	 {From Set-theoretic Coinduction to Coalgebraic
                  Coinduction: some results, some problems},
  journal =	 {ENTCS},
  volume =	 19,
  year =	 1999,
  pages =	 {2--22},
  doi =		 {10.1016/S1571-0661(05)80265-8},
  bibsource =	 {DBLP, http://dblp.uni-trier.de}
}

@PhdThesis{Bartels04,
  author =	 {F. Bartels},
  title =	 {On generalized coinduction and probabilistic
                  specification formats},
  school =	 {Vrije Universiteit Amsterdam},
  year =	 2004
}

@inproceedings{LucanuR07,
  author =	 {D. Lucanu and G. Rosu},
  title =	 {CIRC : A Circular Coinductive Prover},
  booktitle =	 {CALCO},
  publisher =	 sv,
  series =	 lncs,
  volume =	 4624,
  year =	 2007,
  pages =	 {372--378}
}


@inproceedings{DBLP:conf/stoc/LeeY92,
  author =	 {D. Lee and M. Yannakakis},
  title =	 {Online Minimization of Transition Systems (Extended
                  Abstract)},
  booktitle =	 {STOC},
  publisher =	 {ACM},
  year =	 {1992},
  pages =	 {264--274},
  doi =		 {10.1145/129712.129738},
}

@article{Nair,
  author    = {M. Nair},
  title     = {On {C}hebyshev-Type Inequalities for Primes},
  journal   = {Amer. Math. Monthly},
  volume    = {89},
  year      = {1982},
  pages     = {126--129}
}

@inproceedings{LucanuR09,
  author =	 {D. Lucanu and G. Rosu},
  title =	 {Circular Coinduction with Special Contexts},
  booktitle =	 {ICFEM},
  year =	 {2009},
  pages =	 {639--659},
  publisher =	 sv,
  series =	 lncs,
  volume =	 {5885},
  doi =		 {10.1007/978-3-642-10373-5_33},
}

@PhdThesis{watson,
  author =	 {B. Watson},
  title =	 {Taxonomies and Toolkits of Regular Language
                  Algorithms},
  school =	 {Eindhoven University of Technology},
  year =	 1995}


@article{DBLP:journals/toplas/HosoyaVP05,
  author =	 {Haruo Hosoya and Jerome Vouillon and Benjamin
                  C. Pierce},
  title =	 {Regular expression types for {XML}},
  journal =	 {ACM Trans. Program. Lang. Syst.},
  volume =	 27,
  number =	 1,
  year =	 2005,
  pages =	 {46--90},
  doi =		 {10.1145/1053468.1053470},
  bibsource =	 {DBLP, http://dblp.uni-trier.de}
}

@inproceedings{DBLP:conf/fpca/AikenM91,
  author =	 {Alexander Aiken and Brian R. Murphy},
  title =	 {Implementing Regular Tree Expressions},
  booktitle =	 {FPCA},
  year =	 1991,
  pages =	 {427--447},
  doi =		 {10.1007/3540543961_21},
  publisher =	 sv,
  series =	 lncs,
  volume =	 523,
}

@article{NelsonO80,
  author =	 {Greg Nelson and Derek C. Oppen},
  title =	 {Fast Decision Procedures Based on Congruence
                  Closure},
  journal =	 jacm,
  volume =	 27,
  number =	 2,
  year =	 1980,
  pages =	 {356--364},
  doi =		 {10.1145/322186.322198},
}

@article{Shostak84,
  author =	 {Robert E. Shostak},
  title =	 {Deciding Combinations of Theories},
  journal =	 jacm,
  volume =	 {31},
  number =	 {1},
  year =	 {1984},
  pages =	 {1--12},
  doi =		 {10.1145/2422.322411},
  bibsource =	 {DBLP, http://dblp.uni-trier.de}
}

@inproceedings{BachmairRTV00,
  author =	 {Leo Bachmair and I. V. Ramakrishnan and Ashish
                  Tiwari and Laurent Vigneron},
  title =	 {Congruence Closure Modulo Associativity and
                  Commutativity},
  booktitle =	 {FroCoS},
  year =	 2000,
  publisher =	 sv,
  series =	 lncs,
  volume =	 1794,
  pages =	 {245--259},
  doi =		 {10.1007/10720084_16},
}

@article{monk1964,
  author =	 "Monk, Donald",
  doi =		 "10.1307/mmj/1028999131",
  fjournal =	 "The Michigan Mathematical Journal",
  journal =	 "Michigan Math. J.",
  month =	 09,
  number =	 3,
  pages =	 "207--210",
  publisher =	 "University of Michigan, Department of Mathematics",
  title =	 "On representable relation algebras.",
  volume =	 11,
  year =	 1964
}

@article{tarski1941,
  author =	 "Tarski, Alfred",
  journal =	 "J. Symbolic logic",
  pages =	 "73--89",
  title =	 "On the calculus of relations",
  volume =	 6,
  year =	 1941
}

@article{Salomaa66,
  author =	 {Arto Salomaa},
  title =	 {Two Complete Axiom Systems for the Algebra of
                  Regular Events},
  journal =	 jacm,
  volume =	 13,
  number =	 1,
  year =	 1966,
  pages =	 {158--169},
  doi =		 {10.1145/321312.321326},
}

@inproceedings{Petri62,
  author =	 {C. A. Petri},
  title =	 {Fundamentals of a Theory of Asynchronous Information
                  Flow},
  booktitle =	 {{IFIP} Congress},
  year =	 1962,
  pages =	 {386--390},
}

@ARTICLE{Murata,
  author =	 {Murata, T.},
  journal =	 {Proc. of the IEEE},
  title =	 {{P}etri nets: Properties, analysis and applications},
  year =	 1989,
  month =	 {Apr},
  volume =	 77,
  number =	 4,
  pages =	 {541--580},
  doi =		 {10.1109/5.24143},
  ISSN =	 {0018-9219},
}

@inproceedings{ChandraM77,
  author =	 {Ashok K. Chandra and Philip M. Merlin},
  title =	 {Optimal Implementation of Conjunctive Queries in
                  Relational Data Bases},
  booktitle =	 {STOC},
  pages =	 {77--90},
  year =	 1977,
  publisher =	 acm,
  doi =		 {10.1145/800105.803397},
}

@article{Grohe:2007,
  author =	 {Grohe, Martin},
  title =	 {The Complexity of Homomorphism and Constraint
                  Satisfaction Problems Seen from the Other Side},
  journal =	 {J. ACM},
  issue_date =	 {March 2007},
  volume =	 54,
  number =	 1,
  month =	 mar,
  year =	 2007,
  pages =	 {1:1--1:24},
  articleno =	 1,
  numpages =	 24,
  doi =		 {10.1145/1206035.1206036},
  publisher =	 acm,
} 

@Article{HodkinsonM00,
  author =	 "Hodkinson, Ian and Mikulás, Szabolcs",
  title =	 "Axiomatizability of reducts of algebras of
                  relations",
  journal =	 au,
  volume =	 43,
  number =	 2,
  pages =	 "127--156",
  doi =		 "10.1007/s000120050150",
  year =	 2000
}

@inproceedings{Gutierrez98,
  author =	 {Claudio Gutiérrez},
  title =	 {Decidability of the equational theory of allegories},
  booktitle =	 {4th RelMiCS},
  pages =	 {91--96},
  year =	 1998,
}


@misc{ParrowWeber16,
  author =	 {Joachim Parrow and Tjark Weber},
  title =	 {The largest respectful function},
  note =	 {To appear in Logical Methods in Computer Science},
}

@unpublished{brunet:hal-01258754,
  TITLE =	 {{A {K}leene theorem for {P}etri automata}},
  AUTHOR =	 {Brunet, Paul},
  URL =		 {https://hal.archives-ouvertes.fr/hal-01258754},
  NOTE =	 {Submitted},
  YEAR =	 2016,
  PDF =
                  {https://hal.archives-ouvertes.fr/hal-01258754/file/main.pdf},
  HAL_ID =	 {hal-01258754},
  HAL_VERSION =	 {v2},
}

@Book{rubin63,
  author =	 {Herman Rubin and Jean E. Rubin},
  title =	 {Equivalents of the Axiom of Choice},
  publisher =	 nh,
  year =	 1963
}

@misc{bumpus2021spined,
      title={Spined categories: generalizing tree-width beyond graphs}, 
      author={Benjamin Merlin Bumpus and Zoltan A. Kocsis},
      year={2021},
      eprint={2104.01841},
      archivePrefix={arXiv},
      primaryClass={math.CO}
}

@InProceedings{reggio21:arboreal,
  author =	 {Abramsky, Samson and Reggio, Luca},
  title =	 {{Arboreal Categories and Resources}},
  booktitle =	 {48th International Colloquium on Automata,
                  Languages, and Programming (ICALP 2021)},
  pages =	 {115:1--115:20},
  series =	 {Leibniz International Proceedings in Informatics
                  (LIPIcs)},
  ISBN =	 {978-3-95977-195-5},
  ISSN =	 {1868-8969},
  year =	 2021,
  volume =	 198,
  editor =	 {Bansal, Nikhil and Merelli, Emanuela and Worrell,
                  James},
  publisher =	 {Schloss Dagstuhl -- Leibniz-Zentrum f{\"u}r
                  Informatik},
  address =	 {Dagstuhl, Germany},
  URL =		 {https://drops.dagstuhl.de/opus/volltexte/2021/14184},
  URN =		 {urn:nbn:de:0030-drops-141845},
  doi =		 {10.4230/LIPIcs.ICALP.2021.115},
  annote =	 {Keywords: factorisation system, embedding, comonad,
                  coalgebra, open maps, bisimulation, game, resources,
                  relational structures, finite model theory}
}

@Book{BIR67a,
  author =	 {Garrett Birkhoff},
  title =	 {Lattice Theory},
  edition =	 {3rd (1967)},
  series =	 {Colloquium Publications},
  volume =	 25,
  publisher =	 ams,
  address =	 {Providence, Rhode Island},
  year =	 1940,
}


@article{adamek1974free,
  title =	 {Free algebras and automata realizations in the
                  language of categories},
  author =	 {Ad{\'a}mek, Ji{\v{r}}{\'\i}},
  journal =	 {Commentationes Mathematicae Universitatis Carolinae},
  volume =	 15,
  number =	 4,
  pages =	 {589--602},
  year =	 1974,
  publisher =	 {Charles University in Prague, Faculty of Mathematics
                  and Physics},
  url =		 {http://eudml.org/doc/16649}
}

@article{barr,
  title =	 "Algebraically compact functors",
  journal =	 "Journal of Pure and Applied Algebra",
  volume =	 82,
  number =	 3,
  pages =	 "211--231",
  year =	 1992,
  issn =	 "0022-4049",
  doi =		 "10.1016/0022-4049(92)90169-G",
  author =	 "Michael Barr"
}

@inproceedings{DBLP:conf/frocos/BiendarraBBDFHK17,
  author    = {Julian Biendarra and
               Jasmin Christian Blanchette and
               Aymeric Bouzy and
               Martin Desharnais and
               Mathias Fleury and
               Johannes H{\"{o}}lzl and
               Ondrej Kuncar and
               Andreas Lochbihler and
               Fabian Meier and
               Lorenz Panny and
               Andrei Popescu and
               Christian Sternagel and
               Ren{\'{e}} Thiemann and
               Dmitriy Traytel},
  editor    = {Clare Dixon and
               Marcelo Finger},
  title     = {Foundational (Co)datatypes and (Co)recursion for Higher-Order Logic},
  booktitle = {Frontiers of Combining Systems - 11th International Symposium, FroCoS
               2017, Bras{\'{\i}}lia, Brazil, September 27-29, 2017, Proceedings},
  series    = {Lecture Notes in Computer Science},
  volume    = {10483},
  pages     = {3--21},
  publisher = {Springer},
  year      = {2017},
  url       = {https://doi.org/10.1007/978-3-319-66167-4\_1},
  doi       = {10.1007/978-3-319-66167-4\_1},
  timestamp = {Sun, 25 Oct 2020 22:43:11 +0100},
  biburl    = {https://dblp.org/rec/conf/frocos/BiendarraBBDFHK17.bib},
  bibsource = {dblp computer science bibliography, https://dblp.org}
}